<collection xmlns="http://www.loc.gov/MARC21/slim">
<record>
  <leader>01378nam0a22002411i 450 </leader>
  <controlfield tag="001">IT\ICCU\CNCE\068948</controlfield>
  <controlfield tag="005">20080424000000.0</controlfield>
  <datafield tag="012" ind1=" " ind2=" ">
    <subfield code="a">te&apos;e o.no o.o, MaPe (3) 1554 (R)</subfield>
    <subfield code="2">fei</subfield>
  </datafield>
  <datafield tag="100" ind1=" " ind2=" ">
    <subfield code="a">20061201d1554        0itac0103    ba</subfield>
  </datafield>
  <datafield tag="101" ind1=" " ind2=" ">
    <subfield code="a">ITA</subfield>
  </datafield>
  <datafield tag="102" ind1=" " ind2=" ">
    <subfield code="a">IT</subfield>
  </datafield>
  <datafield tag="200" ind1="1" ind2=" ">
    <subfield code="a">Innamoramento di Ruggeretto figliuolo di Ruggero re di Bulgaria, con ogni riuscimento di tutte le magnanime sue imprese, e con i generosi fatti di Orlando, di Rinaldo, e d&apos;altri paladini. Con le allegorie ad ogni canto, che leuano l&apos;intelletto a&apos; comprendere gli effetti della virt,̮ e del vitio. Per m. Panfilo di Renaldini da Siruolo anconitano nuouamente dato in luce</subfield>
  </datafield>
  <datafield tag="210" ind1=" " ind2=" ">
    <subfield code="a">In Vinegia</subfield>
    <subfield code="c">a&apos; San Bortholamio alla botega di maestro Gioanantonio dalla Carta</subfield>
    <subfield code="d">1554</subfield>
    <subfield code="e">In Vinegia</subfield>
    <subfield code="g">per Comin da Trino di Monferrato</subfield>
  </datafield>
  <datafield tag="215" ind1=" " ind2=" ">
    <subfield code="a">\4!, 240 c.</subfield>
    <subfield code="c">ill.</subfield>
    <subfield code="d">4ʻ</subfield>
  </datafield>
  <datafield tag="620" ind1=" " ind2=" ">
    <subfield code="a">IT</subfield>
    <subfield code="d">Venezia</subfield>
  </datafield>
  <datafield tag="700" ind1=" " ind2="1">
    <subfield code="a">Renaldini,</subfield>
    <subfield code="b">Panfilo : di</subfield>
    <subfield code="3">IT\ICCU\CNCA\007221</subfield>
  </datafield>
  <datafield tag="712" ind1="0" ind2="0">
    <subfield code="a">Dalla_Carta, Giovanni Antonio</subfield>
    <subfield code="3">IT\ICCU\CNCT\006251</subfield>
    <subfield code="4">650</subfield>
  </datafield>
  <datafield tag="712" ind1="0" ind2="2">
    <subfield code="a">Comin da Trino</subfield>
    <subfield code="3">IT\ICCU\CNCT\000112</subfield>
    <subfield code="4">650</subfield>
  </datafield>
  <datafield tag="791" ind1="0" ind2="0">
    <subfield code="a">Carta, Giovanni Antonio dalla</subfield>
    <subfield code="3">IT\ICCU\CNCT\006252</subfield>
    <subfield code="z">Dalla_Carta, Giovanni Antonio</subfield>
  </datafield>
  <datafield tag="791" ind1="0" ind2="2">
    <subfield code="a">Cominus de Tridino</subfield>
    <subfield code="3">IT\ICCU\CNCT\004645</subfield>
    <subfield code="z">Comin da Trino</subfield>
  </datafield>
  <datafield tag="791" ind1="0" ind2="0">
    <subfield code="a">Trino, Comin</subfield>
    <subfield code="3">IT\ICCU\CNCT\004646</subfield>
    <subfield code="z">Comin da Trino</subfield>
  </datafield>
  <datafield tag="801" ind1=" " ind2="3">
    <subfield code="a">IT</subfield>
    <subfield code="b">ICCU</subfield>
    <subfield code="c">20201115</subfield>
  </datafield>
  <datafield tag="899" ind1=" " ind2=" ">
    <subfield code="a">Biblioteca Apostolica Vaticana. Citt ̉del Vaticano</subfield>
    <subfield code="1">EX0001</subfield>
    <subfield code="2">ZCV 01</subfield>
  </datafield>
</record>
</collection>
